%YAML 1.1
%TAG !u! tag:unity3d.com,2011:
--- !u!1 &192280
GameObject:
  m_ObjectHideFlags: 0
  m_PrefabParentObject: {fileID: 0}
  m_PrefabInternal: {fileID: 100100000}
  serializedVersion: 4
  m_Component:
  - 4: {fileID: 428550}
  - 212: {fileID: 21222356}
  - 61: {fileID: 6129018}
  - 114: {fileID: 11463828}
  m_Layer: 0
  m_Name: Border
  m_TagString: Untagged
  m_Icon: {fileID: 0}
  m_NavMeshLayer: 0
  m_StaticEditorFlags: 0
  m_IsActive: 1
--- !u!4 &428550
Transform:
  m_ObjectHideFlags: 1
  m_PrefabParentObject: {fileID: 0}
  m_PrefabInternal: {fileID: 100100000}
  m_GameObject: {fileID: 192280}
  m_LocalRotation: {x: 0, y: 0, z: 0, w: 1}
  m_LocalPosition: {x: 0, y: 2.24000001, z: 0}
  m_LocalScale: {x: 1, y: 1, z: 1}
  m_Children: []
  m_Father: {fileID: 0}
  m_RootOrder: 0
--- !u!61 &6129018
BoxCollider2D:
  m_ObjectHideFlags: 1
  m_PrefabParentObject: {fileID: 0}
  m_PrefabInternal: {fileID: 100100000}
  m_GameObject: {fileID: 192280}
  m_Enabled: 1
  m_Material: {fileID: 0}
  m_IsTrigger: 0
  m_UsedByEffector: 0
  m_Offset: {x: 0, y: 0}
  serializedVersion: 2
  m_Size: {x: .100000001, y: 1}
--- !u!114 &11463828
MonoBehaviour:
  m_ObjectHideFlags: 1
  m_PrefabParentObject: {fileID: 0}
  m_PrefabInternal: {fileID: 100100000}
  m_GameObject: {fileID: 192280}
  m_Enabled: 1
  m_EditorHideFlags: 0
  m_Script: {fileID: 11500000, guid: cc3e60bc603b06c4f987ab1ae8c06874, type: 3}
  m_Name: 
  m_EditorClassIdentifier: 
  winPrefab: {fileID: 11464860, guid: a9113026d94387c429f617311ece12b0, type: 2}
  borderNeutral: {fileID: 21300000, guid: cf0291e6c918f0743abdbc1c0ba43996, type: 3}
  borderPushingFromLeft: {fileID: 21300000, guid: 46032470aa8b43e408cb0010ee18d61a,
    type: 3}
  borderPushingFromRight: {fileID: 21300000, guid: 38c6d7ab18e00bb47a3d08e206f7a194,
    type: 3}
--- !u!212 &21222356
SpriteRenderer:
  m_ObjectHideFlags: 1
  m_PrefabParentObject: {fileID: 0}
  m_PrefabInternal: {fileID: 100100000}
  m_GameObject: {fileID: 192280}
  m_Enabled: 1
  m_CastShadows: 0
  m_ReceiveShadows: 0
  m_Materials:
  - {fileID: 10754, guid: 0000000000000000e000000000000000, type: 0}
  m_SubsetIndices: 
  m_StaticBatchRoot: {fileID: 0}
  m_UseLightProbes: 1
  m_ReflectionProbeUsage: 1
  m_ProbeAnchor: {fileID: 0}
  m_ScaleInLightmap: 1
  m_PreserveUVs: 0
  m_ImportantGI: 0
  m_AutoUVMaxDistance: .5
  m_AutoUVMaxAngle: 89
  m_LightmapParameters: {fileID: 0}
  m_SortingLayerID: 0
  m_SortingOrder: 0
  m_Sprite: {fileID: 21300000, guid: cf0291e6c918f0743abdbc1c0ba43996, type: 3}
  m_Color: {r: 1, g: 1, b: 1, a: 1}
--- !u!1001 &100100000
Prefab:
  m_ObjectHideFlags: 1
  serializedVersion: 2
  m_Modification:
    m_TransformParent: {fileID: 0}
    m_Modifications:
    - target: {fileID: 0}
      propertyPath: borderPushingLeft
      value: 
      objectReference: {fileID: 21300000, guid: 3bacf8073d64d8a4c809608bc2d4b79b,
        type: 3}
    - target: {fileID: 0}
      propertyPath: borderPushingRight
      value: 
      objectReference: {fileID: 21300000, guid: 6c83126fc12d34c4397edae613d27559,
        type: 3}
    - target: {fileID: 0}
      propertyPath: borderNeutral
      value: 
      objectReference: {fileID: 21300000, guid: cf0291e6c918f0743abdbc1c0ba43996,
        type: 3}
    - target: {fileID: 0}
      propertyPath: borderPushingFromLeft
      value: 
      objectReference: {fileID: 21300000, guid: 46032470aa8b43e408cb0010ee18d61a,
        type: 3}
    - target: {fileID: 0}
      propertyPath: borderPushingFromRight
      value: 
      objectReference: {fileID: 21300000, guid: 38c6d7ab18e00bb47a3d08e206f7a194,
        type: 3}
    - target: {fileID: 0}
      propertyPath: m_LocalScale.x
      value: 1
      objectReference: {fileID: 0}
    - target: {fileID: 0}
      propertyPath: m_LocalScale.y
      value: 1
      objectReference: {fileID: 0}
    - target: {fileID: 0}
      propertyPath: m_Sprite
      value: 
      objectReference: {fileID: 21300000, guid: cf0291e6c918f0743abdbc1c0ba43996,
        type: 3}
    - target: {fileID: 0}
      propertyPath: winPrefab
      value: 
      objectReference: {fileID: 11464860, guid: a9113026d94387c429f617311ece12b0,
        type: 2}
    m_RemovedComponents: []
  m_ParentPrefab: {fileID: 0}
  m_RootGameObject: {fileID: 192280}
  m_IsPrefabParent: 1
