%YAML 1.1
%TAG !u! tag:unity3d.com,2011:
--- !u!1 &179006
GameObject:
  m_ObjectHideFlags: 0
  m_PrefabParentObject: {fileID: 0}
  m_PrefabInternal: {fileID: 100100000}
  serializedVersion: 4
  m_Component:
  - 4: {fileID: 476844}
  - 114: {fileID: 11474044}
  - 114: {fileID: 11480838}
  - 114: {fileID: 11487672}
  - 114: {fileID: 11471812}
  - 114: {fileID: 11431724}
  - 95: {fileID: 9572938}
  - 212: {fileID: 21273340}
  m_Layer: 0
  m_Name: Clown
  m_TagString: Untagged
  m_Icon: {fileID: 0}
  m_NavMeshLayer: 0
  m_StaticEditorFlags: 0
  m_IsActive: 1
--- !u!4 &476844
Transform:
  m_ObjectHideFlags: 1
  m_PrefabParentObject: {fileID: 0}
  m_PrefabInternal: {fileID: 100100000}
  m_GameObject: {fileID: 179006}
  m_LocalRotation: {x: 0, y: 0, z: 0, w: 1}
  m_LocalPosition: {x: 0, y: 0, z: 0}
  m_LocalScale: {x: 1, y: 1, z: 1}
  m_Children: []
  m_Father: {fileID: 0}
  m_RootOrder: 0
--- !u!95 &9572938
Animator:
  serializedVersion: 3
  m_ObjectHideFlags: 1
  m_PrefabParentObject: {fileID: 0}
  m_PrefabInternal: {fileID: 100100000}
  m_GameObject: {fileID: 179006}
  m_Enabled: 1
  m_Avatar: {fileID: 0}
  m_Controller: {fileID: 9100000, guid: 5126c88312e0d554d9a75d9947bd9e02, type: 2}
  m_CullingMode: 0
  m_UpdateMode: 0
  m_ApplyRootMotion: 0
  m_LinearVelocityBlending: 0
  m_WarningMessage: 
  m_HasTransformHierarchy: 1
  m_AllowConstantClipSamplingOptimization: 1
--- !u!114 &11431724
MonoBehaviour:
  m_ObjectHideFlags: 1
  m_PrefabParentObject: {fileID: 0}
  m_PrefabInternal: {fileID: 100100000}
  m_GameObject: {fileID: 179006}
  m_Enabled: 1
  m_EditorHideFlags: 0
  m_Script: {fileID: 11500000, guid: 99bea13c3c330ee499962d7de60a2f49, type: 3}
  m_Name: 
  m_EditorClassIdentifier: 
  width: .300000012
  spawnSounds:
  - {fileID: 8300000, guid: 11c40de9053a8e84886a361aa064cc23, type: 3}
  - {fileID: 8300000, guid: 3b93b14a2a8ca9c49b98d1ffa67c0906, type: 3}
  - {fileID: 8300000, guid: 65f1f749d9b6cdc48a9e04b3dacab429, type: 3}
  - {fileID: 8300000, guid: f4139a59a72ae414baebb8c8bd2b6485, type: 3}
  - {fileID: 8300000, guid: 1ee5d3ab60882cd42b1bc185c695e497, type: 3}
--- !u!114 &11471812
MonoBehaviour:
  m_ObjectHideFlags: 1
  m_PrefabParentObject: {fileID: 0}
  m_PrefabInternal: {fileID: 100100000}
  m_GameObject: {fileID: 179006}
  m_Enabled: 1
  m_EditorHideFlags: 0
  m_Script: {fileID: 11500000, guid: fd431b91310ea3b4185291833a1b8d5a, type: 3}
  m_Name: 
  m_EditorClassIdentifier: 
  damage: 3
  cooldown: 1
  destroyOnDealDamage: 0
  createOnDestroyByHitPrefab: {fileID: 0}
  dealDamageSounds:
  - {fileID: 8300000, guid: 7cb0d2c4c5ac87b489c4f47aa5a4fb06, type: 3}
  - {fileID: 8300000, guid: 26d514e73212cb34d99bbecfe3e79e62, type: 3}
  - {fileID: 8300000, guid: 37722f841cdf4e14580e8fe3296ef5ae, type: 3}
--- !u!114 &11474044
MonoBehaviour:
  m_ObjectHideFlags: 1
  m_PrefabParentObject: {fileID: 0}
  m_PrefabInternal: {fileID: 100100000}
  m_GameObject: {fileID: 179006}
  m_Enabled: 1
  m_EditorHideFlags: 0
  m_Script: {fileID: 11500000, guid: 9479b5b2e3d76df4dba3ac46c2b84b86, type: 3}
  m_Name: 
  m_EditorClassIdentifier: 
  startValue: 10
  createOnDeathPrefab: {fileID: 152944, guid: 0ae26ca2c0265f440aeeeb191d736db5, type: 2}
  deathSounds:
  - {fileID: 8300000, guid: 7ab90398229741e4e9200f1530add4c9, type: 3}
  - {fileID: 8300000, guid: 8d4316088ecfd464dac45c1ea00238a5, type: 3}
  - {fileID: 8300000, guid: 955972e78d4447d4889cb3cbad6524ac, type: 3}
--- !u!114 &11480838
MonoBehaviour:
  m_ObjectHideFlags: 1
  m_PrefabParentObject: {fileID: 0}
  m_PrefabInternal: {fileID: 100100000}
  m_GameObject: {fileID: 179006}
  m_Enabled: 1
  m_EditorHideFlags: 0
  m_Script: {fileID: 11500000, guid: 25227b26f8f8ded49b28f334e4e5952c, type: 3}
  m_Name: 
  m_EditorClassIdentifier: 
  startSpeed: .25
--- !u!114 &11487672
MonoBehaviour:
  m_ObjectHideFlags: 1
  m_PrefabParentObject: {fileID: 0}
  m_PrefabInternal: {fileID: 100100000}
  m_GameObject: {fileID: 179006}
  m_Enabled: 1
  m_EditorHideFlags: 0
  m_Script: {fileID: 11500000, guid: e67478790c937be478229e53578cc387, type: 3}
  m_Name: 
  m_EditorClassIdentifier: 
  owner: 0
--- !u!212 &21273340
SpriteRenderer:
  m_ObjectHideFlags: 1
  m_PrefabParentObject: {fileID: 0}
  m_PrefabInternal: {fileID: 100100000}
  m_GameObject: {fileID: 179006}
  m_Enabled: 1
  m_CastShadows: 0
  m_ReceiveShadows: 0
  m_Materials:
  - {fileID: 10754, guid: 0000000000000000e000000000000000, type: 0}
  m_SubsetIndices: 
  m_StaticBatchRoot: {fileID: 0}
  m_UseLightProbes: 1
  m_ReflectionProbeUsage: 1
  m_ProbeAnchor: {fileID: 0}
  m_ScaleInLightmap: 1
  m_PreserveUVs: 0
  m_ImportantGI: 0
  m_AutoUVMaxDistance: .5
  m_AutoUVMaxAngle: 89
  m_LightmapParameters: {fileID: 0}
  m_SortingLayerID: 0
  m_SortingOrder: 0
  m_Sprite: {fileID: 0}
  m_Color: {r: 1, g: 1, b: 1, a: 1}
--- !u!1001 &100100000
Prefab:
  m_ObjectHideFlags: 1
  serializedVersion: 2
  m_Modification:
    m_TransformParent: {fileID: 0}
    m_Modifications:
    - target: {fileID: 0}
      propertyPath: deathSounds.Array.size
      value: 3
      objectReference: {fileID: 0}
    - target: {fileID: 0}
      propertyPath: spawnSounds.Array.size
      value: 5
      objectReference: {fileID: 0}
    - target: {fileID: 0}
      propertyPath: dealDamageSounds.Array.size
      value: 3
      objectReference: {fileID: 0}
    - target: {fileID: 0}
      propertyPath: startValue
      value: 10
      objectReference: {fileID: 0}
    - target: {fileID: 0}
      propertyPath: m_LocalPosition.x
      value: 0
      objectReference: {fileID: 0}
    - target: {fileID: 0}
      propertyPath: speed
      value: .200000003
      objectReference: {fileID: 0}
    - target: {fileID: 0}
      propertyPath: damage
      value: 3
      objectReference: {fileID: 0}
    - target: {fileID: 0}
      propertyPath: leftSprite
      value: 
      objectReference: {fileID: 21300000, guid: 2235ed9d8d71dda40b60627a42d0e6fe,
        type: 3}
    - target: {fileID: 0}
      propertyPath: m_Controller
      value: 
      objectReference: {fileID: 9100000, guid: 5126c88312e0d554d9a75d9947bd9e02, type: 2}
    - target: {fileID: 0}
      propertyPath: left
      value: 
      objectReference: {fileID: 9100000, guid: 5126c88312e0d554d9a75d9947bd9e02, type: 2}
    - target: {fileID: 0}
      propertyPath: right
      value: 
      objectReference: {fileID: 9100000, guid: 6a486896b16701948b83dddbfaa59ea0, type: 2}
    - target: {fileID: 0}
      propertyPath: width
      value: .300000012
      objectReference: {fileID: 0}
    - target: {fileID: 0}
      propertyPath: m_Materials.Array.data[0]
      value: 
      objectReference: {fileID: 10754, guid: 0000000000000000e000000000000000, type: 0}
    - target: {fileID: 0}
      propertyPath: rightMaterial
      value: 
      objectReference: {fileID: 2100000, guid: 063bf8a91e9dc6d4fadfab3a416ee46b, type: 2}
    - target: {fileID: 0}
      propertyPath: leftMaterial
      value: 
      objectReference: {fileID: 2100000, guid: 063bf8a91e9dc6d4fadfab3a416ee46b, type: 2}
    - target: {fileID: 0}
      propertyPath: startSpeed
      value: .25
      objectReference: {fileID: 0}
    - target: {fileID: 0}
      propertyPath: prefab
      value: 
      objectReference: {fileID: 152944, guid: 0ae26ca2c0265f440aeeeb191d736db5, type: 2}
    - target: {fileID: 0}
      propertyPath: createOnDeathPrefab
      value: 
      objectReference: {fileID: 152944, guid: 0ae26ca2c0265f440aeeeb191d736db5, type: 2}
    - target: {fileID: 0}
      propertyPath: deathSounds.Array.data[0]
      value: 
      objectReference: {fileID: 8300000, guid: 7ab90398229741e4e9200f1530add4c9, type: 3}
    - target: {fileID: 0}
      propertyPath: deathSounds.Array.data[1]
      value: 
      objectReference: {fileID: 8300000, guid: 8d4316088ecfd464dac45c1ea00238a5, type: 3}
    - target: {fileID: 0}
      propertyPath: spawnSounds.Array.data[0]
      value: 
      objectReference: {fileID: 8300000, guid: 11c40de9053a8e84886a361aa064cc23, type: 3}
    - target: {fileID: 0}
      propertyPath: spawnSounds.Array.data[1]
      value: 
      objectReference: {fileID: 8300000, guid: 3b93b14a2a8ca9c49b98d1ffa67c0906, type: 3}
    - target: {fileID: 0}
      propertyPath: spawnSounds.Array.data[2]
      value: 
      objectReference: {fileID: 8300000, guid: 65f1f749d9b6cdc48a9e04b3dacab429, type: 3}
    - target: {fileID: 0}
      propertyPath: spawnSounds.Array.data[3]
      value: 
      objectReference: {fileID: 8300000, guid: f4139a59a72ae414baebb8c8bd2b6485, type: 3}
    - target: {fileID: 0}
      propertyPath: spawnSounds.Array.data[4]
      value: 
      objectReference: {fileID: 8300000, guid: 1ee5d3ab60882cd42b1bc185c695e497, type: 3}
    - target: {fileID: 0}
      propertyPath: dealDamageSounds.Array.data[0]
      value: 
      objectReference: {fileID: 8300000, guid: 7cb0d2c4c5ac87b489c4f47aa5a4fb06, type: 3}
    - target: {fileID: 0}
      propertyPath: dealDamageSounds.Array.data[1]
      value: 
      objectReference: {fileID: 8300000, guid: 26d514e73212cb34d99bbecfe3e79e62, type: 3}
    - target: {fileID: 0}
      propertyPath: dealDamageSounds.Array.data[2]
      value: 
      objectReference: {fileID: 8300000, guid: 37722f841cdf4e14580e8fe3296ef5ae, type: 3}
    - target: {fileID: 0}
      propertyPath: deathSounds.Array.data[2]
      value: 
      objectReference: {fileID: 8300000, guid: 955972e78d4447d4889cb3cbad6524ac, type: 3}
    m_RemovedComponents: []
  m_ParentPrefab: {fileID: 0}
  m_RootGameObject: {fileID: 179006}
  m_IsPrefabParent: 1
