%YAML 1.1
%TAG !u! tag:unity3d.com,2011:
--- !u!1 &179006
GameObject:
  m_ObjectHideFlags: 0
  m_PrefabParentObject: {fileID: 0}
  m_PrefabInternal: {fileID: 100100000}
  serializedVersion: 4
  m_Component:
  - 4: {fileID: 476844}
  - 114: {fileID: 11474044}
  - 114: {fileID: 11480838}
  - 114: {fileID: 11487672}
  - 114: {fileID: 11471812}
  - 114: {fileID: 11431724}
  - 212: {fileID: 21285622}
  - 95: {fileID: 9561442}
  m_Layer: 0
  m_Name: Panther
  m_TagString: Untagged
  m_Icon: {fileID: 0}
  m_NavMeshLayer: 0
  m_StaticEditorFlags: 0
  m_IsActive: 1
--- !u!4 &476844
Transform:
  m_ObjectHideFlags: 1
  m_PrefabParentObject: {fileID: 0}
  m_PrefabInternal: {fileID: 100100000}
  m_GameObject: {fileID: 179006}
  m_LocalRotation: {x: 0, y: 0, z: 0, w: 1}
  m_LocalPosition: {x: 0, y: 0, z: 0}
  m_LocalScale: {x: 1, y: 1, z: 1}
  m_Children: []
  m_Father: {fileID: 0}
  m_RootOrder: 0
--- !u!95 &9561442
Animator:
  serializedVersion: 3
  m_ObjectHideFlags: 1
  m_PrefabParentObject: {fileID: 0}
  m_PrefabInternal: {fileID: 100100000}
  m_GameObject: {fileID: 179006}
  m_Enabled: 1
  m_Avatar: {fileID: 0}
  m_Controller: {fileID: 9100000, guid: 586dd3e0f9ef58f45a9f1f6e77f4715f, type: 2}
  m_CullingMode: 0
  m_UpdateMode: 0
  m_ApplyRootMotion: 0
  m_LinearVelocityBlending: 0
  m_WarningMessage: 
  m_HasTransformHierarchy: 1
  m_AllowConstantClipSamplingOptimization: 1
--- !u!114 &11431724
MonoBehaviour:
  m_ObjectHideFlags: 1
  m_PrefabParentObject: {fileID: 0}
  m_PrefabInternal: {fileID: 100100000}
  m_GameObject: {fileID: 179006}
  m_Enabled: 1
  m_EditorHideFlags: 0
  m_Script: {fileID: 11500000, guid: 99bea13c3c330ee499962d7de60a2f49, type: 3}
  m_Name: 
  m_EditorClassIdentifier: 
  width: .200000003
  spawnSounds:
  - {fileID: 8300000, guid: 2162844caac5d8c48a20e27b0da94ecc, type: 3}
  - {fileID: 8300000, guid: 2aebfe3c80180d64385232ccd3f633d9, type: 3}
  - {fileID: 8300000, guid: 818b27ad82906474d80d18d289f19813, type: 3}
  - {fileID: 8300000, guid: 9149867cc68885a419fa7f6aa84880e9, type: 3}
  - {fileID: 8300000, guid: e8f7add12dfc76847a66cc3870e9d447, type: 3}
--- !u!114 &11471812
MonoBehaviour:
  m_ObjectHideFlags: 1
  m_PrefabParentObject: {fileID: 0}
  m_PrefabInternal: {fileID: 100100000}
  m_GameObject: {fileID: 179006}
  m_Enabled: 1
  m_EditorHideFlags: 0
  m_Script: {fileID: 11500000, guid: fd431b91310ea3b4185291833a1b8d5a, type: 3}
  m_Name: 
  m_EditorClassIdentifier: 
  damage: 3
  cooldown: 1
  destroyOnDealDamage: 0
  createOnDestroyByHitPrefab: {fileID: 0}
  dealDamageSounds:
  - {fileID: 8300000, guid: e74f4fe9c46ce9e4f85f751965c4c5f6, type: 3}
  - {fileID: 8300000, guid: b6a8ec2c2a5df2246beb80702f723510, type: 3}
  - {fileID: 8300000, guid: a3d16edecbec9f843b9e696fbb14dc70, type: 3}
  - {fileID: 8300000, guid: 051f72339f835ca48b27f5964424b201, type: 3}
--- !u!114 &11474044
MonoBehaviour:
  m_ObjectHideFlags: 1
  m_PrefabParentObject: {fileID: 0}
  m_PrefabInternal: {fileID: 100100000}
  m_GameObject: {fileID: 179006}
  m_Enabled: 1
  m_EditorHideFlags: 0
  m_Script: {fileID: 11500000, guid: 9479b5b2e3d76df4dba3ac46c2b84b86, type: 3}
  m_Name: 
  m_EditorClassIdentifier: 
  startValue: 5
  createOnDeathPrefab: {fileID: 176812, guid: 483037ba8b5eb2643a293009f7aea30f, type: 2}
  deathSounds:
  - {fileID: 8300000, guid: 00075aa8cb85cc04e9f6ddb2050599df, type: 3}
  - {fileID: 8300000, guid: 51a7fd2494b501847a4a8b7f9306ad75, type: 3}
  - {fileID: 8300000, guid: 378e3e43fe57b08488c830c33c0affc1, type: 3}
--- !u!114 &11480838
MonoBehaviour:
  m_ObjectHideFlags: 1
  m_PrefabParentObject: {fileID: 0}
  m_PrefabInternal: {fileID: 100100000}
  m_GameObject: {fileID: 179006}
  m_Enabled: 1
  m_EditorHideFlags: 0
  m_Script: {fileID: 11500000, guid: 25227b26f8f8ded49b28f334e4e5952c, type: 3}
  m_Name: 
  m_EditorClassIdentifier: 
  startSpeed: 1
--- !u!114 &11487672
MonoBehaviour:
  m_ObjectHideFlags: 1
  m_PrefabParentObject: {fileID: 0}
  m_PrefabInternal: {fileID: 100100000}
  m_GameObject: {fileID: 179006}
  m_Enabled: 1
  m_EditorHideFlags: 0
  m_Script: {fileID: 11500000, guid: e67478790c937be478229e53578cc387, type: 3}
  m_Name: 
  m_EditorClassIdentifier: 
  owner: 0
--- !u!212 &21285622
SpriteRenderer:
  m_ObjectHideFlags: 1
  m_PrefabParentObject: {fileID: 0}
  m_PrefabInternal: {fileID: 100100000}
  m_GameObject: {fileID: 179006}
  m_Enabled: 1
  m_CastShadows: 0
  m_ReceiveShadows: 0
  m_Materials:
  - {fileID: 10754, guid: 0000000000000000e000000000000000, type: 0}
  m_SubsetIndices: 
  m_StaticBatchRoot: {fileID: 0}
  m_UseLightProbes: 1
  m_ReflectionProbeUsage: 1
  m_ProbeAnchor: {fileID: 0}
  m_ScaleInLightmap: 1
  m_PreserveUVs: 0
  m_ImportantGI: 0
  m_AutoUVMaxDistance: .5
  m_AutoUVMaxAngle: 89
  m_LightmapParameters: {fileID: 0}
  m_SortingLayerID: 0
  m_SortingOrder: 0
  m_Sprite: {fileID: 0}
  m_Color: {r: 1, g: 1, b: 1, a: 1}
--- !u!1001 &100100000
Prefab:
  m_ObjectHideFlags: 1
  serializedVersion: 2
  m_Modification:
    m_TransformParent: {fileID: 0}
    m_Modifications:
    - target: {fileID: 0}
      propertyPath: spawnSounds.Array.size
      value: 5
      objectReference: {fileID: 0}
    - target: {fileID: 0}
      propertyPath: deathSounds.Array.size
      value: 3
      objectReference: {fileID: 0}
    - target: {fileID: 0}
      propertyPath: dealDamageSounds.Array.size
      value: 4
      objectReference: {fileID: 0}
    - target: {fileID: 0}
      propertyPath: startValue
      value: 5
      objectReference: {fileID: 0}
    - target: {fileID: 0}
      propertyPath: m_LocalPosition.x
      value: 0
      objectReference: {fileID: 0}
    - target: {fileID: 0}
      propertyPath: speed
      value: 1
      objectReference: {fileID: 0}
    - target: {fileID: 0}
      propertyPath: leftSprite
      value: 
      objectReference: {fileID: 21300000, guid: eda77b5376b43fd4ebad8af756d0a498,
        type: 3}
    - target: {fileID: 0}
      propertyPath: rightSprite
      value: 
      objectReference: {fileID: 21300000, guid: 01666ce8396d1f14cbdd5c756f618030,
        type: 3}
    - target: {fileID: 0}
      propertyPath: damage
      value: 3
      objectReference: {fileID: 0}
    - target: {fileID: 0}
      propertyPath: width
      value: .200000003
      objectReference: {fileID: 0}
    - target: {fileID: 0}
      propertyPath: rightMaterial
      value: 
      objectReference: {fileID: 2100000, guid: 063bf8a91e9dc6d4fadfab3a416ee46b, type: 2}
    - target: {fileID: 0}
      propertyPath: m_Controller
      value: 
      objectReference: {fileID: 9100000, guid: 586dd3e0f9ef58f45a9f1f6e77f4715f, type: 2}
    - target: {fileID: 0}
      propertyPath: leftMaterial
      value: 
      objectReference: {fileID: 2100000, guid: 063bf8a91e9dc6d4fadfab3a416ee46b, type: 2}
    - target: {fileID: 0}
      propertyPath: prefab
      value: 
      objectReference: {fileID: 176812, guid: 483037ba8b5eb2643a293009f7aea30f, type: 2}
    - target: {fileID: 0}
      propertyPath: createOnDeathPrefab
      value: 
      objectReference: {fileID: 176812, guid: 483037ba8b5eb2643a293009f7aea30f, type: 2}
    - target: {fileID: 0}
      propertyPath: m_SortingOrder
      value: 4
      objectReference: {fileID: 0}
    - target: {fileID: 0}
      propertyPath: dealDamageSounds.Array.data[0]
      value: 
      objectReference: {fileID: 8300000, guid: e74f4fe9c46ce9e4f85f751965c4c5f6, type: 3}
    - target: {fileID: 0}
      propertyPath: dealDamageSounds.Array.data[1]
      value: 
      objectReference: {fileID: 8300000, guid: b6a8ec2c2a5df2246beb80702f723510, type: 3}
    - target: {fileID: 0}
      propertyPath: dealDamageSounds.Array.data[2]
      value: 
      objectReference: {fileID: 8300000, guid: a3d16edecbec9f843b9e696fbb14dc70, type: 3}
    - target: {fileID: 0}
      propertyPath: dealDamageSounds.Array.data[3]
      value: 
      objectReference: {fileID: 8300000, guid: 051f72339f835ca48b27f5964424b201, type: 3}
    - target: {fileID: 0}
      propertyPath: spawnSounds.Array.data[0]
      value: 
      objectReference: {fileID: 8300000, guid: 2162844caac5d8c48a20e27b0da94ecc, type: 3}
    - target: {fileID: 0}
      propertyPath: spawnSounds.Array.data[1]
      value: 
      objectReference: {fileID: 8300000, guid: 2aebfe3c80180d64385232ccd3f633d9, type: 3}
    - target: {fileID: 0}
      propertyPath: spawnSounds.Array.data[2]
      value: 
      objectReference: {fileID: 8300000, guid: 818b27ad82906474d80d18d289f19813, type: 3}
    - target: {fileID: 0}
      propertyPath: spawnSounds.Array.data[3]
      value: 
      objectReference: {fileID: 8300000, guid: 9149867cc68885a419fa7f6aa84880e9, type: 3}
    - target: {fileID: 0}
      propertyPath: spawnSounds.Array.data[4]
      value: 
      objectReference: {fileID: 8300000, guid: e8f7add12dfc76847a66cc3870e9d447, type: 3}
    - target: {fileID: 0}
      propertyPath: deathSounds.Array.data[0]
      value: 
      objectReference: {fileID: 8300000, guid: 00075aa8cb85cc04e9f6ddb2050599df, type: 3}
    - target: {fileID: 0}
      propertyPath: deathSounds.Array.data[1]
      value: 
      objectReference: {fileID: 8300000, guid: 51a7fd2494b501847a4a8b7f9306ad75, type: 3}
    - target: {fileID: 0}
      propertyPath: deathSounds.Array.data[2]
      value: 
      objectReference: {fileID: 8300000, guid: 378e3e43fe57b08488c830c33c0affc1, type: 3}
    m_RemovedComponents: []
  m_ParentPrefab: {fileID: 0}
  m_RootGameObject: {fileID: 179006}
  m_IsPrefabParent: 1
